%% This BibTeX bibliography file was created using BibDesk.
%% http://bibdesk.sourceforge.net/
@article{roughgarden2016optimal,
	title={Optimal and robust mechanism design with interdependent values},
	author={Roughgarden, Tim and Talgam-Cohen, Inbal},
	journal={ACM Transactions on Economics and Computation (TEAC)},
	volume={4},
	number={3},
	pages={18},
	year={2016},
	publisher={ACM}
}


@article{maskin1992auctions,
	title={Auctions and privatization},
	author={Maskin, Eric},
	journal={Privatization},
	year={1992},
	publisher={JCB Mohr Publisher}
}

@article{milgrom1982theory,
	title={A theory of auctions and competitive bidding},
	author={Milgrom, Paul R and Weber, Robert J},
	journal={Econometrica: Journal of the Econometric Society},
	pages={1089--1122},
	year={1982},
	publisher={JSTOR}
}


@article{ausubel1999generalized,
	title={A generalized Vickrey auction},
	author={Ausubel, Lawrence M and others},
	journal={Econo0 metrica},
	year={1999},
	publisher={Citeseer}
}

@article{che2015efficient,
	title={Efficient assignment with interdependent values},
	author={Che, Yeon-Koo and Kim, Jinwoo and Kojima, Fuhito},
	journal={Journal of Economic Theory},
	volume={158},
	pages={54--86},
	year={2015},
	publisher={Elsevier}
}


@inproceedings{eden2018interdependent,
	title={Interdependent Values without Single-Crossing},
	author={Eden, Alon and Feldman, Michal and Fiat, Amos and Goldner, Kira},
	booktitle={Proceedings of the 2018 ACM Conference on Economics and Computation},
	pages={369--369},
	year={2018},
	organization={ACM}
}

@article{carroll2019robust,
	title={Robust incentives for information acquisition},
	author={Carroll, Gabriel},
	journal={Journal of Economic Theory},
	year={2019},
	publisher={Elsevier}
}

@article{bergemann2002information,
	title={Information acquisition and efficient mechanism design},
	author={Bergemann, Dirk and V{\"a}lim{\"a}ki, Juuso},
	journal={Econometrica},
	volume={70},
	number={3},
	pages={1007--1033},
	year={2002},
	publisher={Wiley Online Library}
}

@article{mclean2015implementation,
	title={Implementation with interdependent valuations},
	author={McLean, Richard P and Postlewaite, Andrew},
	journal={Theoretical Economics},
	volume={10},
	number={3},
	pages={923--952},
	year={2015},
	publisher={Wiley Online Library}
}

@article{mezzetti2004mechanism,
	title={Mechanism design with interdependent valuations: Efficiency},
	author={Mezzetti, Claudio},
	journal={Econometrica},
	volume={72},
	number={5},
	pages={1617--1626},
	year={2004},
	publisher={Wiley Online Library}
}

%% Created for David Balduzzi at 2016-05-21 04:11:30 +1200 
@article{cesa2006regret,
  title={Regret minimization under partial monitoring},
  author={Cesa-Bianchi, Nicolo and Lugosi, G{\'a}bor and Stoltz, Gilles},
  journal={Mathematics of Operations Research},
  volume={31},
  number={3},
  pages={562--580},
  year={2006},
  publisher={INFORMS}
}

@book{cesa2006prediction,
  title={Prediction, learning, and games},
  author={Cesa-Bianchi, Nicolo and Lugosi, G{\'a}bor},
  year={2006},
  publisher={Cambridge university press}
}

%% Saved with string encoding Unicode (UTF-8) 
@article{robbins1952some,
  title={Some aspects of the sequential design of experiments},
  author={Robbins, Herbert},
  journal={Bulletin of the American Mathematical Society},
  volume={58},
  number={5},
  pages={527--535},
  year={1952}
}

@article{della2016compliance,
  title={Compliance-Aware Bandits},
  author={Della Penna, Nicol{\'a}s and Reid, Mark D and Balduzzi, David},
  journal={arXiv preprint arXiv:1602.02852},
  year={2016}
}

@article{Mnih:2015wq,
	Author = {Mnih, Volodymyr and Kavukcuoglu, Koray and \emph{et al}},
	Date = {2015/02/26/print},
	Date-Added = {2016-02-05 19:31:16 +0000},
	Date-Modified = {2016-05-20 16:11:02 +0000},
	Day = {26},
	Isbn = {0028-0836},
	Journal = {Nature},
	M3 = {Letter},
	Month = {02},
	Number = {7540},
	Pages = {529--533},
	Publisher = {Nature Publishing Group, a division of Macmillan Publishers Limited. All Rights Reserved.},
	Title = {Human-level control through deep reinforcement learning},
	Ty = {JOUR},
	Volume = {518},
	Year = {2015},
	Bdsk-Url-1 = {http://dx.doi.org/10.1038/nature14236}}

@article{kenna:04,
	Author = {Kenna, Leslie A and Sheiner, Lewis B},
	Journal = {Statistics in medicine},
	Number = {23},
	Pages = {3561--3580},
	Publisher = {Wiley Online Library},
	Title = {Estimating treatment effect in the presence of non-compliance measured with error: precision and robustness of data analysis methods},
	Volume = {23},
	Year = {2004}}

@article{hugtenburg:13,
	Author = {Hugtenburg, Jacqueline G and Timmers, Lonneke and Elders, PJ and Vervloet, Marcia and van Dijk, Liset},
	Journal = {Patient Prefer Adherence},
	Pages = {675--682},
	Title = {Definitions, variants, and causes of nonadherence with medication: a challenge for tailored interventions},
	Volume = {7},
	Year = {2013}}

@article{vrijens:12,
	Author = {Vrijens, Bernard and De Geest, Sabina and Hughes, Dyfrig A and Przemyslaw, Kardas and Demonceau, Jenny and Ruppar, Todd and Dobbels, Fabienne and Fargher, Emily and Morrison, Valerie and Lewek, Pawel and others},
	Journal = {British journal of clinical pharmacology},
	Number = {5},
	Pages = {691--705},
	Publisher = {Wiley Online Library},
	Title = {A new taxonomy for describing and defining adherence to medications},
	Volume = {73},
	Year = {2012}}

@book{sabate:03,
	Author = {Sabat{\'e}, Eduardo},
	Publisher = {World Health Organization},
	Title = {Adherence to long-term therapies: evidence for action},
	Year = {2003}}

@article{lai:79,
	Author = {T L Lai and H Robbins},
	Date-Added = {2016-02-04 21:16:52 +0000},
	Date-Modified = {2016-02-04 21:16:52 +0000},
	Journal = {Annals of Statistics},
	Number = {6},
	Pages = {1196-1221},
	Title = {{Adaptive design and stochastic approximation}},
	Volume = {7},
	Year = {1979}}

@article{ebrahim:14,
	Author = {Ebrahim, Shanil and Sohani, Zahra N and Montoya, Luis and Agarwal, Arnav and Thorlund, Kristian and Mills, Edward J and Ioannidis, John PA},
	Journal = {Jama},
	Number = {10},
	Pages = {1024--1032},
	Publisher = {American Medical Association},
	Title = {Reanalyses of randomized clinical trial data},
	Volume = {312},
	Year = {2014}}

@article{ist:11,
	Author = {Sandercock, Peter AG and Niewada, Maciej and Cz{\l}onkowska, Anna and others},
	Journal = {Trials},
	Number = {1},
	Pages = {1--7},
	Publisher = {Springer},
	Title = {The international stroke trial database},
	Volume = {12},
	Year = {2011}}

@article{ist:97,
	Author = {Group, International Stroke Trial Collaborative},
	Journal = {The Lancet},
	Number = {9065},
	Pages = {1569--1581},
	Publisher = {Elsevier},
	Title = {The International Stroke Trial (IST): a randomised trial of aspirin, subcutaneous heparin, both, or neither among 19 435 patients with acute ischaemic stroke},
	Volume = {349},
	Year = {1997}}

@inproceedings{perchet:15,
	Author = {Perchet, Vianney and Rigollet, Philippe and Chassang, Sylvain and Snowberg, Erik},
	Booktitle = {Proceedings of The 28th Conference on Learning Theory},
	Pages = {1456--1456},
	Title = {Batched Bandit Problems},
	Year = {2015}}

@article{kuleshov:14,
	Author = {Kuleshov, Volodymyr and Precup, Doina},
	Journal = {arXiv preprint arXiv:1402.6028},
	Title = {Algorithms for multi-armed bandit problems},
	Year = {2014}}

@article{yao:96,
	Author = {Yao, Q and Wei, LJ},
	Journal = {Statistics in medicine},
	Number = {22},
	Pages = {2413--2423},
	Publisher = {Wiley Online Library},
	Title = {Play the winner for phase II/III clinical trials},
	Volume = {15},
	Year = {1996}}

@book{berry:10,
	Author = {Berry, Scott M and Carlin, Bradley P and Lee, J Jack and Muller, Peter},
	Publisher = {CRC press},
	Title = {Bayesian adaptive methods for clinical trials},
	Year = {2010}}

@article{shrier:13,
	Author = {Shrier, Ian and Steele, Russell J and Verhagen, Evert and Herbert, Rob and Riddell, Corinne A and Kaufman, Jay S},
	Journal = {Clinical Trials},
	Pages = {1740774513504151},
	Publisher = {SAGE Publications},
	Title = {Beyond intention to treat: What is the right question?},
	Year = {2013}}

@article{ortega:10,
	Author = {Pedro A Ortega and Daniel A Braun},
	Date-Added = {2016-02-01 03:39:15 +0000},
	Date-Modified = {2016-02-01 03:39:15 +0000},
	Journal = {Journal of Artificial Intelligence Research},
	Number = {1},
	Pages = {475-511},
	Title = {{A minimum relative entropy principle for learning and acting}},
	Volume = {38},
	Year = {2010}}

@article{thompson:33,
	Author = {Thompson, William R},
	Journal = {Biometrika},
	Number = {3/4},
	Pages = {285--294},
	Publisher = {JSTOR},
	Title = {On the likelihood that one unknown probability exceeds another in view of the evidence of two samples},
	Volume = {25},
	Year = {1933}}

@article{bubeck:12,
	Author = {Bubeck, S{\'e}bastien},
	Journal = {Foundations and Trends in Machine Learning},
	Number = {1},
	Pages = {1--122},
	Publisher = {Now Publishers Inc},
	Title = {Regret Analysis of Stochastic and Nonstochastic Multi-armed Bandit Problems},
	Volume = {5},
	Year = {2012}}

@inproceedings{chapelle:11,
	Author = {Olivier Chapelle and Lihong Li},
	Booktitle = {Adv in Neural Information Processing Systems (NIPS)},
	Date-Added = {2016-01-31 22:52:47 +0000},
	Date-Modified = {2016-01-31 22:52:47 +0000},
	Title = {{An Empirical Evaluation of Thompson Sampling}},
	Year = {2011}}

@book{koller:09,
	Author = {Daphne Koller and Nir Friedman},
	Date-Added = {2016-01-31 01:15:27 +0000},
	Date-Modified = {2016-01-31 01:15:27 +0000},
	Publisher = {MIT Press},
	Title = {{Probabilistic Graphical Models: Principles and Techniques}},
	Year = {2009}}

@inproceedings{bareinboim:15,
	Author = {Elias Bareinboim and Andrew Forney and Judea Pearl},
	Booktitle = {Adv in Neural Information Processing Systems (NIPS)},
	Date-Added = {2016-01-30 23:56:19 +0000},
	Date-Modified = {2016-01-30 23:56:19 +0000},
	Title = {{Bandits with Unobserved Confounders: A Causal Approach}},
	Year = {2015}}

@inproceedings{graepel:10,
	Author = {T Graepel and J Quionero-Candela and T Borchert and R Herbrich},
	Booktitle = {ICML},
	Date-Added = {2016-01-30 23:25:36 +0000},
	Date-Modified = {2016-01-30 23:27:10 +0000},
	Title = {{Web-scale Bayesian click-through rate prediction for sponsored search and advertising in Microsoft's Bing engine}},
	Year = {2010}}

@inproceedings{mcmahan:13,
	Acmid = {2488200},
	Address = {New York, NY, USA},
	Author = {McMahan, H. Brendan and Holt, Gary and Sculley, D. \emph{et al}},
	Booktitle = {Proceedings of the 19th ACM SIGKDD International Conference on Knowledge Discovery and Data Mining},
	Date-Added = {2016-01-30 23:24:00 +0000},
	Date-Modified = {2016-05-20 16:11:30 +0000},
	Title = {Ad Click Prediction: A View from the Trenches},
	Year = {2013},
	Bdsk-Url-1 = {http://doi.acm.org/10.1145/2487575.2488200},
	Bdsk-Url-2 = {http://dx.doi.org/10.1145/2487575.2488200}}

@article{lai:85,
	Author = {T L Lai and H Robbins},
	Date-Added = {2016-01-30 23:19:08 +0000},
	Date-Modified = {2016-01-30 23:19:08 +0000},
	Journal = {Advances in Applied Mathematics},
	Pages = {4-22},
	Title = {Asymptotically efficient adaptive allocation rules},
	Volume = {6},
	Year = {1985}}

@inproceedings{agrawal:12,
	Author = {S Agrawal and N Goyal},
	Booktitle = {Computational Learning Theory (COLT)},
	Date-Added = {2016-01-30 20:51:59 +0000},
	Date-Modified = {2016-01-30 20:52:30 +0000},
	Title = {{Analysis of Thompson sampling for the multi-armed bandit problem}},
	Year = {2012}}

@inproceedings{kaufmann:12,
	Author = {E Kaufmann and N Korda and R Munos},
	Booktitle = {ALT},
	Date-Added = {2016-01-30 19:53:55 +0000},
	Date-Modified = {2016-01-30 19:54:45 +0000},
	Title = {{Thompson sampling: An asymptotically optimal finite-time analysis}},
	Year = {2012}}

@inproceedings{chang:05,
	Author = {Yu-Han Chang and Leslie Pack Kaelbling},
	Booktitle = {ICML},
	Date-Added = {2016-01-30 07:31:49 +0000},
	Date-Modified = {2016-01-30 07:32:28 +0000},
	Title = {{Hedged learning: Regret-minimization with learning experts}},
	Year = {2005}}

@inproceedings{bubeck:12a,
	Author = {S\'ebastien Bubeck and Aleksandrs Slivkins},
	Booktitle = {Computational Learning Theory (COLT)},
	Date-Added = {2016-01-30 00:43:13 +0000},
	Date-Modified = {2016-01-30 00:43:13 +0000},
	Title = {The best of both worlds: stochastic and adversarial bandits},
	Year = {2012}}

@inproceedings{seldin:14,
	Author = {Yevgeny Seldin and Aleksandrs Slivkins},
	Booktitle = {ICML},
	Date-Added = {2016-01-30 00:41:18 +0000},
	Date-Modified = {2016-01-30 00:41:18 +0000},
	Title = {{One Practical Algorithm for Both Stochastic and Adversarial Bandits}},
	Year = {2014}}

@inproceedings{alon:15,
	Author = {Noga Alon and Nicol\'o Cesa-Bianchi and Ofer Dekel and Tomer Koren},
	Booktitle = {Computational Learning Theory (COLT)},
	Date-Added = {2016-01-30 00:38:53 +0000},
	Date-Modified = {2016-01-30 00:38:53 +0000},
	Title = {{Online Learning with Feedback Graphs: Beyond Bandits}},
	Year = {2015}}

@article{robbins:52,
	Author = {H Robbins},
	Date-Added = {2016-01-29 21:09:31 +0000},
	Date-Modified = {2016-01-29 21:09:31 +0000},
	Journal = {Bull. AMS},
	Pages = {527-535},
	Title = {Some aspects of the sequential design of experiments},
	Volume = {58},
	Year = {1952}}




@article{dudik:14,
	Author = {Miroslav Dud{\'\i}k and Dumitru Erhan and John Langford and Lihong Li},
	Date-Added = {2016-01-29 21:08:41 +0000},
	Date-Modified = {2016-01-29 21:08:41 +0000},
	Journal = {Statistical Science},
	Number = {4},
	Pages = {485-511},
	Title = {{Doubly Robust Policy Evaluation and Optimization}},
	Volume = {29},
	Year = {2014}}

@article{cesa:06a,
	Author = {Nicol\'o Cesa-Bianchi and Gabor Lugosi and Gilles Stoltz},
	Date-Added = {2016-01-29 21:08:24 +0000},
	Date-Modified = {2016-01-29 21:08:24 +0000},
	Journal = {Mathematics of Operations Research},
	Number = {3},
	Pages = {562-580},
	Title = {{Regret Minimization Under Partial Monitoring}},
	Volume = {31},
	Year = {2006}}

@article{cesa:12,
	Author = {Nicol{\`o} Cesa-Bianchi and Pierre Gaillard and G{\'a}bor Lugosi and Gilles Stoltz},
	Date-Added = {2016-01-29 21:08:24 +0000},
	Date-Modified = {2016-01-29 21:08:24 +0000},
	Journal = {JMLR},
	Title = {A {N}ew {L}ook at {S}hifting {R}egret},
	Year = {2012}}

@article{auer:02,
	Author = {Peter Auer},
	Date-Added = {2016-01-29 21:08:11 +0000},
	Date-Modified = {2016-01-29 21:08:11 +0000},
	Journal = {JMLR},
	Pages = {397-422},
	Title = {Using confidence bounds for exploitation-exploration trade-offs},
	Volume = {3},
	Year = {2002}}

@article{katehakis1995sequential,
  title={Sequential choice from several populations.},
  author={Katehakis, Michael N and Robbins, Herbert},
  journal={Proceedings of the National Academy of Sciences of the United States of America},
  volume={92},
  number={19},
  pages={8584},
  year={1995},
  publisher={National Academy of Sciences}
}
@article{agrawal1995sample,
  title={Sample mean based index policies with O (log n) regret for the multi-armed bandit problem},
  author={Agrawal, Rajeev},
  journal={Advances in Applied Probability},
  pages={1054--1078},
  year={1995},
  publisher={JSTOR}
}

@article{auer:02a,
	Author = {Peter Auer and Nicol\'o Cesa-Bianchi and P Fischer},
	Date-Added = {2016-01-29 21:08:11 +0000},
	Date-Modified = {2016-01-29 21:08:11 +0000},
	Journal = {Machine Learning},
	Number = {2-3},
	Pages = {235-256},
	Title = {Finite-time analysis of the multi-armed bandit problem},
	Volume = {47},
	Year = {2002}}

@article{auer:02b,
	Author = {Peter Auer and Nicol\'o Cesa-Bianchi and Yoav Freund and Robert Schapire},
	Date-Added = {2016-01-29 21:08:11 +0000},
	Date-Modified = {2016-01-29 21:08:11 +0000},
	Journal = {SIAM J. Computing},
	Number = {1},
	Pages = {48-77},
	Title = {The non-stochastic multi-armed bandit problem},
	Volume = {32},
	Year = {2002}}

@book{cesa:06,
	Author = {Nicolo Cesa-Bianchi and Gabor Lugosi},
	Date-Added = {2016-01-29 21:07:50 +0000},
	Date-Modified = {2016-01-29 21:07:50 +0000},
	Publisher = {Cambridge University Press, Cambridge UK},
	Title = {Prediction, {L}earning and {G}ames},
	Year = {2006}}

@article{vapnik:09,
	Author = {Vladimir Vapnik and Akshay Vashist},
	Date-Added = {2016-01-29 21:07:07 +0000},
	Date-Modified = {2016-01-29 21:07:07 +0000},
	Journal = {Neural Networks},
	Pages = {544-557},
	Title = {{A new learning paradigm: Learning using privileged information}},
	Volume = {22},
	Year = {2009}}

@inproceedings{pechyony:10,
	Author = {Dmitriy Pechyony and Vladimir Vapnik},
	Booktitle = {Adv in Neural Information Processing Systems (NIPS)},
	Date-Added = {2016-01-29 21:07:01 +0000},
	Date-Modified = {2016-01-29 21:07:01 +0000},
	Title = {{On the Theory of Learning with Privileged Information}},
	Year = {2010}}

@article{lapin:14,
	Author = {Lapin, Maksim and Hein, Matthias and Schiele, Bernt},
	Journal = {Neural Networks},
	Pages = {95--108},
	Publisher = {Elsevier},
	Title = {Learning using privileged information: SVM+ and weighted SVM},
	Volume = {53},
	Year = {2014}}


%% This BibTeX bibliography file was created using BibDesk.
%% http://bibdesk.sourceforge.net/

@techreport{levitt2016heads,
  title={Heads or Tails: The Impact of a Coin Toss on Major Life Decisions and Subsequent Happiness},
  author={Levitt, Steven D},
  year={2016},
  institution={National Bureau of Economic Research}
}

@article{simon1961aggregation,
  title={Aggregation of variables in dynamic systems},
  author={Simon, Herbert A and Ando, Albert},
  journal={Econometrica: journal of the Econometric Society},
  pages={111--138},
  year={1961},
  publisher={JSTOR}
}

@article{syrgkanis2016efficient,
  title={Efficient Algorithms for Adversarial Contextual Learning},
  author={Syrgkanis, Vasilis and Krishnamurthy, Akshay and Schapire, Robert E},
  journal={arXiv preprint arXiv:1602.02454},
  year={2016}
}

@inproceedings{syrgkanis2015fast,
  title={Fast convergence of regularized learning in games},
  author={Syrgkanis, Vasilis and Agarwal, Alekh and Luo, Haipeng and Schapire, Robert E},
  booktitle={Advances in Neural Information Processing Systems},
  pages={2989--2997},
  year={2015}
}

@phdthesis{witkowski2014robust,
  title={Robust Peer Prediction Mechanisms},
  author={Witkowski, Jens},
  year={2014},
  school={Ph. D. Dissertation, Department of Computer Science, Albert-Ludwigs-Universit{\"a}t Freiburg}
}

@inproceedings{zhang2014elicitability,
  title={Elicitability and knowledge-free elicitation with peer prediction},
  author={Zhang, Peter and Chen, Yiling},
  booktitle={Proceedings of the 2014 international conference on Autonomous agents and multi-agent systems},
  pages={245--252},
  year={2014},
  organization={International Foundation for Autonomous Agents and Multiagent Systems}
}

@inproceedings{waggoner2014output,
  title={Output agreement mechanisms and common knowledge},
  author={Waggoner, Bo and Chen, Yiling},
  booktitle={Second AAAI Conference on Human Computation and Crowdsourcing},
  year={2014}
}

@article{della2012crowd,
  title={Crowd \& prejudice: An impossibility theorem for crowd labelling without a gold standard},
  author={Della Penna, Nicol{\'a}s and Reid, Mark D},
  journal={Collective Inteligence 2012, arXiv preprint arXiv:1204.3511},
  year={2012}
}

@article{epstein1999revelation,
  title={A revelation principle for competing mechanisms},
  author={Epstein, Larry G and Peters, Michael},
  journal={Journal of Economic Theory},
  volume={88},
  number={1},
  pages={119--160},
  year={1999},
  publisher={Elsevier}
}

%% Created for Nikete at 2016-08-18 10:58:21 +0200 
@article{jehiel2001efficient,
  title={Efficient design with interdependent valuations},
  author={Jehiel, Philippe and Moldovanu, Benny},
  journal={Econometrica},
  volume={69},
  number={5},
  pages={1237--1259},
  year={2001},
  publisher={Wiley Online Library}
}

@inproceedings{beygelzimer2012learning,
  title={Learning performance of prediction markets with Kelly bettors},
  author={Beygelzimer, Alina and Langford, John and Pennock, David M},
  booktitle={Proceedings of the 11th International Conference on Autonomous Agents and Multiagent Systems-Volume 3},
  pages={1317--1318},
  year={2012},
  organization={International Foundation for Autonomous Agents and Multiagent Systems}
}

@book{berry1985bandit,
  title={Bandit problems: sequential allocation of experiments (Monographs on statistics and applied probability)},
  author={Berry, Donald A and Fristedt, Bert},
  year={1985},
  publisher={Springer}
}

@article{caragiannis2015bounding,
  title={Bounding the inefficiency of outcomes in generalized second price auctions},
  author={Caragiannis, Ioannis and Kaklamanis, Christos and Kanellopoulos, Panagiotis and Kyropoulou, Maria and Lucier, Brendan and Leme, Renato Paes and Tardos, Eva},
  journal={Journal of Economic Theory},
  volume={156},
  pages={343--388},
  year={2015},
  publisher={Elsevier}
}

@inproceedings{li2011unbiased,
  title={Unbiased offline evaluation of contextual-bandit-based news article recommendation algorithms},
  author={Li, Lihong and Chu, Wei and Langford, John and Wang, Xuanhui},
  booktitle={Proceedings of the fourth ACM international conference on Web search and data mining},
  pages={297--306},
  year={2011},
  organization={ACM}
}

@article{erikson2008political,
  title={Are political markets really superior to polls as election predictors?},
  author={Erikson, Robert S and Wlezien, Christopher},
  journal={Public Opinion Quarterly},
  volume={72},
  number={2},
  pages={190--215},
  year={2008},
  publisher={AAPOR}
}

@article{berg2008results,
  title={Results from a dozen years of election futures markets research},
  author={Berg, Joyce and Forsythe, Robert and Nelson, Forrest and Rietz, Thomas},
  journal={Handbook of experimental economics results},
  volume={1},
  pages={742--751},
  year={2008},
  publisher={Elsevier}
}

@article{mckelvey1990public,
  title={Public and private information: An experimental study of information pooling},
  author={McKelvey, Richard D and Page, Talbot},
  journal={Econometrica: Journal of the Econometric Society},
  pages={1321--1339},
  year={1990},
  publisher={JSTOR}
}
@article{mckelvey1986common,
  title={Common knowledge, consensus, and aggregate information},
  author={McKelvey, Richard D and Page, Talbot},
  journal={Econometrica: Journal of the Econometric Society},
  pages={109--127},
  year={1986},
  publisher={JSTOR}
}

@article{geanakoplos1982we,
  title={We can't disagree forever},
  author={Geanakoplos, John D and Polemarchakis, Heraklis M},
  journal={Journal of Economic Theory},
  volume={28},
  number={1},
  pages={192--200},
  year={1982},
  publisher={Elsevier}
}


@article{ostrovsky2012information,
  title={Information aggregation in dynamic markets with strategic traders},
  author={Ostrovsky, Michael},
  journal={Econometrica},
  volume={80},
  number={6},
  pages={2595--2647},
  year={2012},
  publisher={Wiley Online Library}
}

%% Saved with string encoding Unicode (UTF-8) 
@inproceedings{frongillo2015convergence,
  title={Convergence analysis of prediction markets via randomized subspace descent},
  author={Frongillo, Rafael and Reid, Mark D},
  booktitle={Advances in Neural Information Processing Systems},
  pages={3034--3042},
  year={2015}
}

@inproceedings{hu2014multi,
  title={Multi-period Trading Prediction Markets with Connections to Machine Learning.},
  author={Hu, Jinli and Storkey, Amos J and others},
  booktitle={ICML},
  pages={1773--1781},
  year={2014}
}

@inproceedings{frongillo2012interpreting,
  title={Interpreting prediction markets: a stochastic approach},
  author={Frongillo, Rafael M and Della Penna, Nichol{\'a}s and Reid, Mark D},
  booktitle={Advances in Neural Information Processing Systems},
  pages={3266--3274},
  year={2012}
}

@article{abernethy2013efficient,
  title={Efficient market making via convex optimization, and a connection to online learning},
  author={Abernethy, Jacob and Chen, Yiling and Vaughan, Jennifer Wortman},
  journal={ACM Transactions on Economics and Computation},
  volume={1},
  number={2},
  pages={12},
  year={2013},
  publisher={ACM}
}

@inproceedings{chen2010new,
  title={A new understanding of prediction markets via no-regret learning},
  author={Chen, Yiling and Vaughan, Jennifer Wortman},
  booktitle={Proceedings of the 11th ACM conference on Electronic commerce},
  pages={189--198},
  year={2010},
  organization={ACM}
}

@article{savage1971elicitation,
	Author = {Savage, Leonard J},
	Date-Added = {2016-08-18 08:57:06 +0000},
	Date-Modified = {2016-08-18 08:57:06 +0000},
	Journal = {Journal of the American Statistical Association},
	Number = {336},
	Pages = {783--801},
	Publisher = {Taylor \& Francis Group},
	Title = {Elicitation of personal probabilities and expectations},
	Volume = {66},
	Year = {1971}}

@article{grainger2016simple,
	Author = {Grainger, Daniel and Sun, Sizhong and Watkin-Lui, Felecia and Case, Peter},
	Journal = {The Journal of Prediction Markets},
	Number = {3},
	Pages = {41--63},
	Title = {A simple decision market model},
	Volume = {9},
	Year = {2016}}

@inproceedings{oka2014predicting,
	Author = {Oka, Masaaki and Todo, Taiki and Sakurai, Yuko and Yokoo, Makoto},
	Booktitle = {Second AAAI Conference on Human Computation and Crowdsourcing},
	Title = {Predicting Own Action: Self-Fulfilling Prophecy Induced by Proper Scoring Rules},
	Year = {2014}}

@article{berg2003prediction,
	Author = {Berg, Joyce E and Rietz, Thomas A},
	Journal = {Information systems frontiers},
	Number = {1},
	Pages = {79--93},
	Publisher = {Springer},
	Title = {Prediction markets as decision support systems},
	Volume = {5},
	Year = {2003}}

@inproceedings{chen2007bluffing,
	Author = {Chen, Yiling and Reeves, Daniel M and Pennock, David M and Hanson, Robin D and Fortnow, Lance and Gonen, Rica},
	Booktitle = {International Workshop on Web and Internet Economics},
	Organization = {Springer},
	Pages = {70--81},
	Title = {Bluffing and strategic reticence in prediction markets},
	Year = {2007}}

@article{hanson2002decision,
	Author = {Hanson, Robin},
	Journal = {Entrepreneurial Economics: Bright Ideas from the Dismal Science},
	Pages = {79--85},
	Publisher = {Oxford University Press on Demand},
	Title = {Decision markets},
	Year = {2002}}

@inproceedings{othman2010decision,
	Author = {Othman, Abraham and Sandholm, Tuomas},
	Booktitle = {Proceedings of the 9th International Conference on Autonomous Agents and Multiagent Systems: volume 1-Volume 1},
	Organization = {International Foundation for Autonomous Agents and Multiagent Systems},
	Pages = {625--632},
	Title = {Decision rules and decision markets},
	Year = {2010}}

@phdthesis{othman2012automated,
	Author = {Othman, Abraham},
	School = {Carnegie Mellon University},
	Title = {Automated market making: Theory and practice},
	Year = {2012}}

@article{rostek2012price,
	Author = {Rostek, Marzena and Weretka, Marek},
	Journal = {Econometrica},
	Number = {2},
	Pages = {687--711},
	Publisher = {Wiley Online Library},
	Title = {Price inference in small markets},
	Volume = {80},
	Year = {2012}}

@article{nash1950equilibrium,
	Author = {Nash, John F and others},
	Journal = {Proc. Nat. Acad. Sci. USA},
	Number = {1},
	Pages = {48--49},
	Title = {Equilibrium points in n-person games},
	Volume = {36},
	Year = {1950}}

@article{aumann1976agreeing,
	Author = {Aumann, Robert J},
	Journal = {The annals of statistics},
	Pages = {1236--1239},
	Publisher = {JSTOR},
	Title = {Agreeing to disagree},
	Year = {1976}}

@article{jian2012aggregation,
	Author = {Jian, Lian and Sami, Rahul},
	Journal = {Management Science},
	Number = {1},
	Pages = {123--140},
	Publisher = {INFORMS},
	Title = {Aggregation and manipulation in prediction markets: effects of trading mechanism and information distribution},
	Volume = {58},
	Year = {2012}}

@article{chen2014eliciting,
	Author = {Chen, Yiling and Kash, Ian A and Ruberry, Michael and Shnayder, Victor},
	Date-Added = {2016-02-14 06:08:45 +0000},
	Date-Modified = {2016-02-14 06:08:45 +0000},
	Journal = {ACM Transactions on Economics and Computation},
	Number = {2},
	Pages = {6},
	Publisher = {ACM},
	Title = {Eliciting predictions and recommendations for decision making},
	Volume = {2},
	Year = {2014}}

@inproceedings{boutilier2012eliciting,
	Author = {Boutilier, Craig},
	Booktitle = {Proceedings of the 11th International Conference on Autonomous Agents and Multiagent Systems-Volume 2},
	Date-Added = {2016-02-14 05:34:52 +0000},
	Date-Modified = {2016-02-14 05:34:52 +0000},
	Organization = {International Foundation for Autonomous Agents and Multiagent Systems},
	Pages = {737--744},
	Title = {Eliciting forecasts from self-interested experts: scoring rules for decision makers},
	Year = {2012}}

@article{cowgill2015corporate,
	Author = {Cowgill, Bo and Zitzewitz, Eric},
	Journal = {The Review of Economic Studies},
	Number = {4},
	Pages = {1309--1341},
	Publisher = {Oxford University Press},
	Title = {Corporate prediction markets: Evidence from google, ford, and firm x},
	Volume = {82},
	Year = {2015}}

@article{athey2013efficient,
	Author = {Athey, Susan and Segal, Ilya},
	Journal = {Econometrica},
	Number = {6},
	Pages = {2463--2485},
	Publisher = {Wiley Online Library},
	Title = {An efficient dynamic mechanism},
	Volume = {81},
	Year = {2013}}

@inproceedings{Toulis:2015:IED:2764468.2764525,
	Acmid = {2764525},
	Address = {New York, NY, USA},
	Author = {Toulis, Panos and Parkes, David C. and Pfeffer, Elery and Zou, James},
	Booktitle = {Proceedings of the Sixteenth ACM Conference on Economics and Computation},
	Doi = {10.1145/2764468.2764525},
	Isbn = {978-1-4503-3410-5},
	Keywords = {experimental design, hypothesis testing, incentive compatibility, strategic interference, variance stabilization, viral marketing},
	Location = {Portland, Oregon, USA},
	Numpages = {18},
	Pages = {285--302},
	Publisher = {ACM},
	Series = {EC '15},
	Title = {Incentive-Compatible Experimental Design},
	Url = {http://doi.acm.org/10.1145/2764468.2764525},
	Year = {2015},
	Bdsk-Url-1 = {http://doi.acm.org/10.1145/2764468.2764525},
	Bdsk-Url-2 = {http://dx.doi.org/10.1145/2764468.2764525}}


@article{mansour2016bayesian,
  title={Bayesian Exploration: Incentivizing Exploration in Bayesian Games},
  author={Mansour, Yishay and Slivkins, Aleksandrs and Syrgkanis, Vasilis and Wu, Zhiwei Steven},
  journal={arXiv preprint arXiv:1602.07570},
  year={2016}
}

@inproceedings{mansour2015bayesian,
	Author = {Mansour, Yishay and Slivkins, Aleksandrs and Syrgkanis, Vasilis},
	Booktitle = {Proceedings of the Sixteenth ACM Conference on Economics and Computation},
	Organization = {ACM},
	Pages = {565--582},
	Title = {Bayesian incentive-compatible bandit exploration},
	Year = {2015}}

@article{kremer2014implementing,
  title={Implementing the “Wisdom of the Crowd”},
  author={Kremer, Ilan and Mansour, Yishay and Perry, Motty},
  journal={Journal of Political Economy},
  volume={122},
  number={5},
  pages={988--1012},
  year={2014},
  publisher={JSTOR}
}

@article{kremer2002information,
  title={Information aggregation in common value auctions},
  author={Kremer, Ilan},
  journal={Econometrica},
  volume={70},
  number={4},
  pages={1675--1682},
  year={2002},
  publisher={Wiley Online Library}
}

@article{birulin2011efficiency,
  title={On efficiency of the English auction},
  author={Birulin, Oleksii and Izmalkov, Sergei},
  journal={Journal of Economic Theory},
  volume={146},
  number={4},
  pages={1398--1417},
  year={2011},
  publisher={Elsevier}
}

@article{dubra2009english,
  title={English auctions and the Stolper--Samuelson theorem},
  author={Dubra, Juan and Echenique, Federico and Manelli, Alejandro M},
  journal={Journal of Economic Theory},
  volume={144},
  number={2},
  pages={825--849},
  year={2009},
  publisher={Elsevier}
}

@article{hernando2018inefficient,
  title={Inefficient rushes in auctions},
  author={Hernando-Veciana, {\'A}ngel and Michelucci, Fabio},
  journal={Theoretical Economics},
  volume={13},
  number={1},
  pages={273--306},
  year={2018},
  publisher={Wiley Online Library}
}


@book{krishna2009auction,
  title={Auction theory},
  author={Krishna, Vijay},
  year={2009},
  publisher={Academic press}
}


@article{krishna2003asymmetric,
  title={Asymmetric english auctions},
  author={Krishna, Vijay},
  journal={Journal of Economic Theory},
  volume={112},
  number={2},
  pages={261--288},
  year={2003},
  publisher={Elsevier}
}


@article{bergemann2009information,
  title={Information acquisition in interdependent value auctions},
  author={Bergemann, Dirk and Shi, Xianwen and V{\"a}lim{\"a}ki, Juuso},
  journal={Journal of the European Economic Association},
  volume={7},
  number={1},
  pages={61--89},
  year={2009},
  publisher={Oxford University Press}
}


@techreport{ortner1998forecasting,
  title={Forecasting markets—An industrial application},
  author={Ortner, Gerhard},
  year={1998},
  institution={mimeo}
}


@misc{wilson1987,
  title={Game Theoretic Analyses of Trading Processes. In Advances in Economic Theory: Fifth World Congress},
  author={Wilson, R},
  year={1987},
  publisher={ed. Truman Bewley. Cambridge: Cambridge University Press chapter 2, pp. 33-70.}
}

@inproceedings{chapelle2011empirical,
  title={An empirical evaluation of thompson sampling},
  author={Chapelle, Olivier and Li, Lihong},
  booktitle={Advances in neural information processing systems},
  pages={2249--2257},
  year={2011}
}


@article{dreber2015using,
	Author = {Dreber, Anna and Pfeiffer, Thomas and Almenberg, Johan and Isaksson, Siri and Wilson, Brad and Chen, Yiling and Nosek, Brian A and Johannesson, Magnus},
	Journal = {Proceedings of the National Academy of Sciences},
	Number = {50},
	Pages = {15343--15347},
	Publisher = {National Acad Sciences},
	Title = {Using prediction markets to estimate the reproducibility of scientific research},
	Volume = {112},
	Year = {2015}}


@inproceedings{kinathil2014closed,
  title={Closed-form Solutions to a Subclass of Continuous Stochastic Games via Symbolic Dynamic Programming},
  author={Kinathil, Shamin and Sanner, Scott and Della Penna, Nicol{\'a}s},
  booktitle={Conference on Uncertainty in Artificial Intelligence (UAI)},
  year={2014}
}

@inproceedings{kinathil2016symbolic,
  title={A Symbolic Closed-form Solution to Sequential Market Making with Inventory},
  author={Kinathil, Shamin and Sanner, Scott and Das, Sanmay and Della Penna, Nicol{\'a}s},
  booktitle={Proceedings of the 25th International Joint Conference on Artificial Intelligence},
  year={2016}
}

@incollection{della2016out,
  title={Out Of Sight: Lack Of Geographic Co-Localization Of Intensive Care Unit Patients And Care Teams Is Associated With Increased Mortality},
  author={Della Penna, Nicolas and Celi, L and Stretch, R},
  booktitle={D16. CRITICAL CARE: REDUCING VARIATION IN USUAL CARE},
  pages={A6439--A6439},
  year={2016},
  publisher={Am Thoracic Soc}
}

@article{mclean2004informational,
	title={Informational size and efficient auctions},
	author={McLean, Richard and Postlewaite, Andrew},
	journal={The Review of Economic Studies},
	volume={71},
	number={3},
	pages={809--827},
	year={2004},
	publisher={Wiley-Blackwell}
}

@article{bergemann2010dynamic,
  title={The dynamic pivot mechanism},
  author={Bergemann, Dirk and V{\"a}lim{\"a}ki, Juuso},
  journal={Econometrica},
  volume={78},
  number={2},
  pages={771--789},
  year={2010},
  publisher={Wiley Online Library}
}

@inproceedings{parkes2003van,
  title={An MDP Based Approach to Online Mechanism Design},
  author={Parkes, David C and Singh, Satinder},
  booktitle={V Proceedings of 17th Annual Conference on Neural Information Processing Systems (NIPS 03)},
  year={2003}
}

@article{athey2007designing,
  title={Designing efficient mechanisms for dynamic bilateral trading games},
  author={Athey, Susan and Segal, Ilya},
  journal={The American economic review},
  volume={97},
  number={2},
  pages={131--136},
  year={2007},
  publisher={JSTOR}
}


@article{vickrey1961,
  title={Counterspeculation, auctions, and competitive sealed tenders},
  author={Vickrey, William},
  journal={The Journal of Finance},
  volume={16},
  number={1},
  pages={8--37},
  year={1961},
  publisher={Wiley Online Library}
}

@article{clarke1971,
  title={Multipart pricing of public goods},
  author={Clarke, Edward H},
  journal={Public choice},
  volume={11},
  number={1},
  pages={17--33},
  year={1971},
  publisher={Springer}
}

@article{groves1973,
  title={Incentives in teams},
  author={Groves, Theodore},
  journal={Econometrica: Journal of the Econometric Society},
  pages={617--631},
  year={1973},
  publisher={JSTOR}
}

@article{prelec2004bayesian,
  title={A Bayesian truth serum for subjective data},
  author={Prelec, Dra{\v{z}}en},
  journal={science},
  volume={306},
  number={5695},
  pages={462--466},
  year={2004},
  publisher={American Association for the Advancement of Science}
}

@article{miller2005eliciting,
  title={Eliciting informative feedback: The peer-prediction method},
  author={Miller, Nolan and Resnick, Paul and Zeckhauser, Richard},
  journal={Management Science},
  volume={51},
  number={9},
  pages={1359--1373},
  year={2005},
  publisher={INFORMS}
}

@article{kong2016framework,
  title={A Framework For Designing Information Elicitation Mechanisms That Reward Truth-telling},
  author={Kong, Yuqing and Schoenebeck, Grant},
  journal={arXiv preprint arXiv:1605.01021},
  year={2016}
}

@inproceedings{frazier2014incentivizing,
  title={Incentivizing exploration},
  author={Frazier, Peter and Kempe, David and Kleinberg, Jon and Kleinberg, Robert},
  booktitle={Proceedings of the fifteenth ACM conference on Economics and computation},
  pages={5--22},
  year={2014},
  organization={ACM}
}


@misc{banditalgo2016,
	Author = {Lattimore, Tor  and Szepesvari, Csaba},
	Date-Modified = {2016-11-03},
	Title = {Bandit Algorithms},
	Url = {http://banditalgs.com/},
	Urldate = {2016-11-3},
	Year = {2016},
}

@techreport{horner2016learning,
  title={Learning, experimentation and information design},
  author={H{\"o}rner, Johannes and Skrzypacz, Andrzej},
  year={2016},
  institution={mimeo Yale University}
}

@book{mackenzie2008engine,
  title={An engine, not a camera: How financial models shape markets},
  author={MacKenzie, Donald},
  year={2008},
  publisher={MIT Press}
}



@article{littlestone1994weighted,
	title={The weighted majority algorithm},
	author={Littlestone, Nick and Warmuth, Manfred K},
	journal={Information and computation},
	volume={108},
	number={2},
	pages={212--261},
	year={1994},
	publisher={Elsevier}
}




@article{freund1997decision,
	title={A decision-theoretic generalization of on-line learning and an application to boosting},
	author={Freund, Yoav and Schapire, Robert E},
	journal={Journal of computer and system sciences},
	volume={55},
	number={1},
	pages={119--139},
	year={1997},
	publisher={Elsevier}
}

@article{freund1999adaptive,
	title={Adaptive game playing using multiplicative weights},
	author={Freund, Yoav and Schapire, Robert E},
	journal={Games and Economic Behavior},
	volume={29},
	number={1-2},
	pages={79--103},
	year={1999},
	publisher={Elsevier}
}

@article{auer2002adaptive,
	title={Adaptive and self-confident on-line learning algorithms},
	author={Auer, Peter and Cesa-Bianchi, Nicolo and Gentile, Claudio},
	journal={Journal of Computer and System Sciences},
	volume={64},
	number={1},
	pages={48--75},
	year={2002},
	publisher={Elsevier}
}

@inproceedings{cesa2005improved,
	title={Improved second-order bounds for prediction with expert advice},
	author={Cesa-Bianchi, Nicolo and Mansour, Yishay and Stoltz, Gilles},
	booktitle={International Conference on Computational Learning Theory},
	pages={217--232},
	year={2005},
	organization={Springer}
}


@inproceedings{frazier2014incentivizing,
  title={Incentivizing exploration},
  author={Frazier, Peter and Kempe, David and Kleinberg, Jon and Kleinberg, Robert},
  booktitle={Proceedings of the fifteenth ACM conference on Economics and computation},
  pages={5--22},
  year={2014}
}
